@IEEEtranBSTCTL{bstctl:etal,
  CTLuse_forced_etal = {no},
  CTLmax_names_forced_etal = {3},
}

@IEEEtranBSTCTL{bstctl:nodash,
  CTLdash_repeated_names = {no},
}

@IEEEtranBSTCTL{bstctl:simpurl,
  CTLname_url_prefix = {Available: },
}

@book{lamport94,
    author    = "Leslie Lamport",
    title     = "{\LaTeX: A Document Preparation System}",
    year      = "1994",
    publisher = "Addison-Wesley",
    edition = "2nd",
    address   = "Reading, Massachusetts"
}

@inproceedings{nicepaper,
  author = "Firstname1 Lastname1 and Firstname2 Lastname2 and Firstname3 Lastname3 and Firstname4 Lastname4",
  title = "{A Very Nice Paper To Cite}",
  booktitle = {International Symposium on Computer Architecture},
  year = {2000},
  month = {July},
  pages = {200-211},
}

@inproceedings{nicepaper2,
  author = "Firstname1 Lastname1 and Firstname2 Lastname2",
  title = "{Another Very Nice Paper To Cite}",
  booktitle = {International Symposium on Computer Architecture},
  year = {2001},
  month = {May},
  pages = {12-22}
}

@article{msr_catapult,
	author = {Putnam, Andrew and Caulfield, Adrian M. and Chung, Eric S. and Chiou, Derek and Constantinides, Kypros and Demme, John and Esmaeilzadeh, Hadi and Fowers, Jeremy and Prashanth, Gopi and Jan, Gopal and Michael, Gray and Hauck, Haselman Scott and Heil, Stephen and Hormati, Amir and Kim, Joo-Young and Lanka, Sitaram and Larus, James and Peterson, Eric and Pope, Simon and Smith, Aaron and Thong, Jason and Yi, Phillip and Burger, Xiao Doug},
	title = {A Reconfigurable Fabric for Accelerating Large-scale Datacenter Services},
	journal = {SIGARCH Comput. Archit. News},
	issue_date = {June 2014},
	volume = {42},
	number = {3},
	month = jun,
	year = {2014},
	issn = {0163-5964},
	pages = {13--24},
	numpages = {12},
	url = {http://doi.acm.org/10.1145/2678373.2665678},
	doi = {10.1145/2678373.2665678},
	acmid = {2665678},
	publisher = {ACM},
	address = {New York, NY, USA},
} 

@inproceedings{ucsd_willow,
	author = {Seshadri, Sudharsan and Gahagan, Mark and Bhaskaran, Sundaram and Bunker, Trevor and De, Arup and Jin, Yanqin and Liu, Yang and Swanson, Steven},
	title = {Willow: A User-programmable SSD},
	booktitle = {Proceedings of the 11th USENIX Conference on Operating Systems Design and Implementation},
	series = {OSDI'14},
	year = {2014},
	isbn = {978-1-931971-16-4},
	location = {Broomfield, CO},
	pages = {67--80},
	numpages = {14},
	url = {http://dl.acm.org/citation.cfm?id=2685048.2685055},
	acmid = {2685055},
	publisher = {USENIX Association},
	address = {Berkeley, CA, USA},
} 

@inproceedings{ucsd_moneta,
	author = {Caulfield, Adrian M. and De, Arup and Coburn, Joel and Mollow, Todor I. and Gupta, Rajesh K. and Swanson, Steven},
	title = {Moneta: A High-Performance Storage Array Architecture for Next-Generation, Non-volatile Memories},
	booktitle = {Proceedings of the 2010 43rd Annual IEEE/ACM International Symposium on Microarchitecture},
	series = {MICRO '43},
	year = {2010},
	isbn = {978-0-7695-4299-7},
	pages = {385--395},
	numpages = {11},
	url = {http://dx.doi.org/10.1109/MICRO.2010.33},
	doi = {10.1109/MICRO.2010.33},
	acmid = {1934984},
	publisher = {IEEE Computer Society},
	address = {Washington, DC, USA},
	keywords = {software IO optimizations, non-volatile memories, phase change memories, storage systems},
} 

@article{ucsd_quicksan,
	author = {Caulfield, Adrian M. and Swanson, Steven},
	title = {QuickSAN: A Storage Area Network for Fast, Distributed, Solid State Disks},
	journal = {SIGARCH Comput. Archit. News},
	issue_date = {June 2013},
	volume = {41},
	number = {3},
	month = jun,
	year = {2013},
	issn = {0163-5964},
	pages = {464--474},
	numpages = {11},
	url = {http://doi.acm.org/10.1145/2508148.2485962},
	doi = {10.1145/2508148.2485962},
	acmid = {2485962},
	publisher = {ACM},
	address = {New York, NY, USA},
} 

@manual{nvme,
	title  = "NVM Express",
	author = "NVMHCI Work Group",
	url    = "http://nvmexpress.org",
	year   = "2014 (Accessed November 17, 2014)"
}
